<record><leader>00000cas a22000007a 4500</leader><controlfield tag="001">23169628</controlfield><controlfield tag="008">910228d19041905coudr ne      0    0eng d</controlfield><datafield ind1=" " ind2=" " tag="010"><subfield code="a">sn 91052246 </subfield></datafield><datafield ind1=" " ind2=" " tag="040"><subfield code="a">CNQ</subfield><subfield code="b">eng</subfield><subfield code="c">CNQ</subfield><subfield code="d">NVK</subfield><subfield code="d">OCLCQ</subfield><subfield code="d">OCLCF</subfield><subfield code="d">OCLCO</subfield></datafield><datafield ind1="1" ind2=" " tag="029"><subfield code="a">AU@</subfield><subfield code="b">000025863969</subfield></datafield><datafield ind1=" " ind2=" " tag="042"><subfield code="a">msc</subfield></datafield><datafield ind1=" " ind2=" " tag="043"><subfield code="a">n-us-co</subfield></datafield><datafield ind1="0" ind2="0" tag="245"><subfield code="a">Colorado Springs telegraph.</subfield></datafield><datafield ind1="3" ind2="0" tag="246"><subfield code="a">Sunday gazette and telegraph</subfield></datafield><datafield ind1=" " ind2=" " tag="260"><subfield code="a">Colorado Springs, Colo. :</subfield><subfield code="b">Consolidated Pub. Co.</subfield></datafield><datafield ind1=" " ind2=" " tag="300"><subfield code="a">v.</subfield></datafield><datafield ind1=" " ind2=" " tag="310"><subfield code="a">Daily</subfield></datafield><datafield ind1="0" ind2=" " tag="362"><subfield code="a">Vol. 26, no. 199 (Jan. 18, 1904)-v. 27, no. 326 (July 3, 1905).</subfield></datafield><datafield ind1=" " ind2=" " tag="500"><subfield code="a">Published Sun. as: The Sunday gazette and telegraph, Oct. 30, 1904-July 2, 1905.</subfield></datafield><datafield ind1=" " ind2=" " tag="530"><subfield code="a">Available on microfilm from the Colorado Historical Society.</subfield></datafield><datafield ind1=" " ind2="0" tag="651"><subfield code="a">Colorado Springs (Colo.)</subfield><subfield code="v">Newspapers.</subfield></datafield><datafield ind1=" " ind2="7" tag="655"><subfield code="a">Newspapers.</subfield><subfield code="2">fast</subfield><subfield code="0">(OCoLC)fst01423814</subfield></datafield><datafield ind1=" " ind2="7" tag="651"><subfield code="a">Colorado</subfield><subfield code="z">Colorado Springs.</subfield><subfield code="2">fast</subfield><subfield code="0">(OCoLC)fst01205930</subfield></datafield><datafield ind1=" " ind2=" " tag="752"><subfield code="a">United States</subfield><subfield code="b">Colorado</subfield><subfield code="c">El Paso</subfield><subfield code="d">Colorado Springs.</subfield></datafield><datafield ind1="0" ind2="0" tag="780"><subfield code="t">Evening telegraph (Colorado Springs, Colo. : 1902)</subfield><subfield code="w">(DLC)sn 91052477</subfield></datafield><datafield ind1="0" ind2="0" tag="785"><subfield code="t">Colorado Springs evening telegraph (Colorado Springs, Colo. : 1905)</subfield><subfield code="w">(DLC)sn 91052478</subfield></datafield></record>